<record><leader>00000cas a22000007a 4500</leader><controlfield tag="001">18546008</controlfield><controlfield tag="008">880929d18911894nduwr ne      0    0eng d</controlfield><datafield ind1=" " ind2=" " tag="010"><subfield code="a">sn 88076660 </subfield></datafield><datafield ind1=" " ind2=" " tag="040"><subfield code="a">NOP</subfield><subfield code="b">eng</subfield><subfield code="c">NOP</subfield><subfield code="d">OCLCQ</subfield></datafield><datafield ind1=" " ind2=" " tag="042"><subfield code="a">msc</subfield></datafield><datafield ind1="0" ind2="0" tag="245"><subfield code="a">McHenry County independent.</subfield></datafield><datafield ind1=" " ind2=" " tag="260"><subfield code="a">Towner, N.D. :</subfield><subfield code="b">Independent Pub. Co.</subfield></datafield><datafield ind1=" " ind2=" " tag="300"><subfield code="a">3 v. :</subfield><subfield code="b">ill. ;</subfield><subfield code="c">60 cm.</subfield></datafield><datafield ind1=" " ind2=" " tag="310"><subfield code="a">Weekly</subfield></datafield><datafield ind1="0" ind2=" " tag="362"><subfield code="a">Vol. 1, no. 1 (Feb. 21, 1891)-v. 3, no. 50 (Jan. 26, 1894).</subfield></datafield><datafield ind1=" " ind2=" " tag="530"><subfield code="a">Available on microfilm from the State Historical Society of North Dakota.</subfield></datafield><datafield ind1=" " ind2=" " tag="752"><subfield code="a">United States</subfield><subfield code="b">North Dakota</subfield><subfield code="c">McHenry</subfield><subfield code="d">Towner.</subfield></datafield><datafield ind1="0" ind2="5" tag="780"><subfield code="t">News and Stockman</subfield></datafield><datafield ind1="0" ind2="0" tag="785"><subfield code="t">Independent (Towner, N.D.)</subfield><subfield code="w">(DLC)sn 88076661</subfield></datafield></record>